@misc{sicp,
	title={{Structure and Interpretation of Computer Programs, 2e}},
	year={2016},
	month={May},
	note={[misc; accessed 28. Feb. 2021]},
        url={https://sarabander.github.io/sicp}
}
@misc{seacord,
 title={Effective C: an introduction to professional C programming}, publisher={No Starch Press, Inc.},
 author={Seacord, Robert C.},
 year={2020},
 url={https://ipfs.io/ipfs/bafykbzaceawmrnc2lle5ytmf7hfkngn5tsl6xcgmgygd7g23oirevcc3snlkw?filename=Robert%20C.%20Seacord%20-%20Effective%20C%20-%20An%20introduction%20to%20professional%20C%20programming.-No%20Starch%20Press%20%282020%29.pdf}
}
@misc{seriouspy,
 title={Serious Python: Black-Belt Advice on Deployment, Scalability, Testing, and More},
 author={Julien Danjou},
 year={2018},
 url={https://ipfs.io/ipfs/bafykbzacedekoijtdc6stpjntldy3jd3weyhzhl7j474ppddip36rnb4bnjv4?filename=Julien%20Danjou%20-%20Serious%20Python_%20Black-Belt%20Advice%20on%20Deployment%2C%20Scalability%2C%20Testing%2C%20and%20More-No%20Starch%20Press%20%282019%29.pdf}
}
@misc{pythoncrash,
 title={Python Crash Cource: A Hands-On, Project-Based Introduction to Programming},
 author={Eric Matthes},
 year={2015},
 url={https://ipfs.io/ipfs/bafykbzacedx4fp77vvwbytyltr2kqkpqgxyqfaxt6evbtq55ozegijvwpjilo?filename=Eric%20Matthes%20-%20Python%20Crash%20Course_%20A%20Hands-On%2C%20Project-Based%20Introduction%20to%20Programming-No%20Starch%20Press%20%282015%29.pdf}
 }
@misc{scipdist2016Apr,
	title = {{Welcome to SICP Distilled}},
	year = {2016},
	month = {Apr},
	note = {[misc; accessed 28. Feb. 2021]},
	url = {http://www.sicpdistilled.com}
}
@misc{Grimson2020Dec,
	author = {Grimson, Eric and Szolovits, Peter and Darrell, Trevor},
	title = {{Structure and Interpretation of Computer Programs}},
	journal = {MIT OpenCourseWare},
	year = {2020},
	month = {Dec},
	note = {[misc; accessed 28. Feb. 2021]},
	url = {https://ocw.mit.edu/courses/electrical-engineering-and-computer-science/6-001-structure-and-interpretation-of-computer-programs-spring-2005}
}
@misc{howlinux,
 author={Brian Ward},
 year={2016},
 title={How Linux Works: What Every Superuser Should Know},
 publisher = {{No Starch Press}},
 url={https://ipfs.io/ipfs/bafykbzacebwqbnwxp76a3l3bd5abxobs7m7zzemwct3bsbge7xn45lgfqh64u?filename=Brian%20Ward%20-%20How%20Linux%20Works_%20What%20Every%20Superuser%20Should%20Know-No%20Starch%20Press%20%282014%29.pdf}
}
